1994 2794
31 630 45 694 ’
95 662 338 712 maine
362 675 550 711 nanus
578 665 694 720 tua,
720 676 829 721 ver,
863 662 1145 710 currebant
1173 660 1394 710 flamina
1424 659 1667 722 inersque

234 753 372 801 elam
398 752 752 814 pervadebant
778 751 1016 813 stirpitus
1043 766 1200 800 omne
1228 765 1433 800 nemus:

169 903 291 939 tata
310 889 521 951 quidem
542 889 758 938 exibant
778 887 1021 949 suspiria:
1050 887 1332 946 anhelitus,
1356 903 1388 936 ο
1409 902 1518 946 ver,

234 980 497 1030 interdum
522 979 700 1028 exibat
726 979 1020 1039 languidus.
1050 978 1320 1040 Aspiciens

170 1118 263 1168 illa
283 1118 487 1168 silebat.
514 1120 625 1179 Ego
649 1118 856 1166 interna
877 1117 991 1166 eius
1010 1118 1170 1165 verba
1191 1114 1396 1178 tuebar;

232 1208 308 1258 nil
337 1224 433 1270 ego
462 1209 529 1258 ad
557 1209 676 1258 ista.
711 1207 809 1256 Fui
835 1211 1031 1256 mutus.
1064 1207 1143 1255 Ad
1172 1207 1275 1255 ista
1302 1207 1453 1255 nihil.

167 1347 332 1397 'rento
366 1346 510 1408 loqui
543 1347 756 1396 frustra.
786 1346 1026 1394 Gelidum
1057 1346 1247 1406 premit
1279 1359 1373 1394 ora
1404 1345 1656 1407 sigillum3

234 1437 412 1487 nescio
433 1452 569 1498 quae
590 1437 646 1484 in
666 1436 913 1485 miseram
934 1435 1143 1484 turbida
1164 1439 1216 1483 et
1237 1439 1355 1483 orta
1373 1434 1505 1483 meis

170 1572 420 1623 extremis
443 1577 556 1622 erat
580 1571 925 1634 implacabilis
950 1571 1029 1620 ira
1050 1571 1314 1631 medullis3

233 1667 443 1724 pectore
467 1663 523 1710 in
548 1663 753 1724 expleto
778 1662 926 1710 nulla
951 1661 1054 1710 fuit
1077 1661 1262 1722 pietas·

173 1800 257 1850 Sic
278 1800 445 1860 taciti,
471 1801 604 1850 alter
627 1801 693 1849 ad
716 1800 932 1849 alterius
956 1801 1111 1859 latus,
1137 1800 1328 1849 ivimus
1350 1816 1475 1861 una,

233 1892 537 1941 umbrarum
573 1891 787 1949 simileS,
827 1905 959 1952 quas
996 1891 1110 1939 fera
1147 1891 1261 1939 fata
1296 1895 1554 1952 premant.

176 2031 452 2079 Lassatum
475 2029 583 2078 iam
607 2043 793 2090 corpus
818 2031 946 2086 erat,
973 2028 1222 2090 palpebra
1245 2032 1481 2090 gravata,

238 2123 292 2167 et
317 2117 468 2180 quasi
496 2116 665 2178 caligo
693 2119 897 2167 sederat
924 2122 1047 2166 ante
1075 2118 1271 2167 oeulos.

176 2258 363 2307 Totam
382 2271 473 2319 per
492 2261 899 2325 noctequuam
922 2257 1098 2316 longa!
1127 2256 1408 2312 (albescere
1432 2271 1720 2318 numquam

239 2348 332 2397 lux
356 2346 471 2396 visa
496 2350 592 2404 est)
620 2347 807 2395 ardens
832 2351 884 2395 et
908 2346 1140 2396 furiosus
1165 2362 1308 2396 eram

1663 2484 1728 2536 93
