1994 2794
812 447 901 495 lv.

132 666 333 716 Laurus
364 681 523 728 quam
556 666 734 715 dulces
766 665 912 715 olim!
954 665 1208 714 Veniebat
1242 664 1413 714 amica

190 756 364 806 ridens
387 771 479 819 per
506 757 702 806 celsum
728 757 867 805 celsa
891 754 1067 818 puella
1091 769 1295 804 nemus.

107 887 327 944 'Umbra
358 908 539 944 comae
564 896 631 944 ad
662 895 890 944 frontem
922 894 1143 943 obscura
1168 892 1480 941 involitabat
1509 895 1571 940 ut
1598 890 1706 952 ala3

188 984 409 1046 pulchra
430 985 740 1034 videbantur
764 983 966 1033 lumina
988 982 1348 1060 nigra-magis.

129 1128 233 1178 Sub
257 1129 386 1190 pede
410 1132 551 1177 terra
576 1128 678 1177 levi
702 1128 923 1177 blandos
948 1127 1201 1175 fundebat
1225 1124 1429 1179 odores;

190 1218 368 1267 lumen
399 1218 606 1267 vocales
637 1218 796 1267 molle
828 1218 1025 1266 dabant
1057 1215 1248 1276 apices·

127 1356 209 1404 Ex
233 1355 433 1404 umbris
464 1357 706 1416 Hermae,
735 1356 858 1404 viva
885 1359 939 1404 et
964 1355 1276 1403 meditantia
1304 1367 1452 1412 saxa,

188 1445 323 1494 muti
352 1450 622 1505 surgentes
652 1445 707 1493 in
736 1459 982 1506 superum
1012 1444 1254 1506 speciem,

128 1582 274 1631 illam
302 1584 623 1644 spectabant,
654 1583 805 1645 quasi
834 1599 961 1633 cura
988 1589 1189 1633 teneret
1217 1582 1432 1642 amoris;

189 1671 381 1723 flbrens
409 1675 663 1735 quadrato
692 1675 788 1724 sub
816 1675 944 1736 pede
974 1676 1232 1724 acanthus
1260 1679 1390 1723 erat.

124 1812 222 1860 Per
243 1812 423 1861 laurus
442 1811 706 1873 trepidans
727 1812 907 1872 ignoto
929 1812 1062 1861 calle
1082 1813 1349 1872 sequebar,

188 1917 308 1951 cum
331 1902 502 1951 visum
525 1907 602 1951 est
625 1903 821 1952 circum
842 1917 998 1951 mane
1021 1903 1184 1951 nitere
1207 1916 1420 1951 novum.

129 2040 226 2088 Per
254 2040 434 2089 laurus
458 2038 590 2088 mihi
615 2044 734 2102 post
761 2041 872 2088 eius
898 2041 1118 2102 vestigia
1144 2042 1288 2091 visus

193 2129 298 2179 imo
320 2145 386 2180 ex
407 2130 559 2180 corde
579 2131 716 2180 citus
736 2130 950 2190 sanguis
972 2131 1115 2180 abire
1134 2146 1299 2191 meus,

127 2271 187 2317 ut
207 2281 369 2329 vapor
392 2282 422 2316 e
444 2269 635 2328 cyatho
657 2269 829 2331 pleno,
853 2269 1104 2331 venisque
1124 2270 1343 2318 novellis

193 2358 399 2418 cingere
425 2357 670 2407 dilectum
687 2359 901 2421 corpus,
930 2373 1094 2420 eoque
1119 2373 1268 2408 meus

1658 2467 1723 2518 59
