1994 2794
48 235 187 289 'wod
216 240 249 284 ττι
287 258 330 286 ,ψ
359 241 383 266 a

714 490 718 493 ’
782 478 884 526 111.

28 718 33 770 ι’
90 716 110 741 1¹²
169 700 398 752 Lux'ubi
418 699 534 749 visa
554 697 680 760 poli,
708 698 881 747 luctus
903 700 1018 746 tum
1041 695 1194 757 signa
1214 695 1472 744 videbam.

235 790 336 842 ma
359 794 475 840 erat
496 804 664 850 usque
688 787 850 838 silens
873 787 1218 849 pallidiorque
1241 787 1383 849 polo⁶

172 931 403 980 Cunctae
428 927 749 989 apparebant
774 939 944 975 vanae
970 924 1261 986 dubiaeque
1285 926 1486 986 figurae

235 1018 520 1070 luminibus
543 1017 713 1076 lassis,
739 1016 946 1066 somnia
966 1031 1150 1078 paene,
1172 1016 1327 1065 meis.

175 1157 451 1208 lactabant
476 1155 598 1204 miri
626 1155 839 1214 circum,
870 1170 899 1203 e
926 1154 1113 1203 tellure
1139 1154 1412 1213 micantes,

239 1247 297 1296 in
322 1247 516 1296 nubem
542 1245 717 1295 trunci
744 1244 960 1294 brachia
986 1248 1128 1293 torta
1156 1245 1340 1293 levem.

174 1384 488 1447 Arnplexum
513 1381 684 1432 dirum
710 1382 945 1443 fugiebat
972 1382 1179 1431 concita
1203 1382 1384 1441 nubes,

237 1475 509 1526 arboribus
532 1473 773 1536 linquens
796 1488 958 1524 aurea
979 1474 1098 1523 vela
1120 1473 1264 1522 feris.

178 1612 390 1665 Umenti
414 1613 678 1662 crescebat
699 1612 892 1673 ubique
916 1612 1012 1661 sub
1037 1617 1157 1660 aere
1178 1627 1393 1661 muscus

234 1703 507 1767 plurimus.
538 1704 653 1752 Hoc
678 1702 849 1751 omnis
875 1701 1042 1751 serica
1067 1717 1288 1763 quercus
1313 1708 1444 1754 erat.

176 1844 291 1893 Hoc
329 1856 511 1892 omnes
548 1845 763 1890 truncos
801 1840 1107 1901 opulentum
1145 1841 1313 1891 vellus
1352 1842 1597 1903 habebat3

237 1938 291 1983 et
317 1932 450 1995 lapis
475 1932 576 1982 hoc
603 1931 800 1981 circum
825 1931 1022 1980 sericus
1049 1931 1219 1980 omnis
1246 1937 1376 1982 erat.

170 2071 384 2121 Mirum!
424 2072 760 2120 Incantatum
788 2069 1051 2131 quondam
1079 2069 1318 2120 mirabile
1346 2076 1573 2132 tegmen,

240 2168 293 2212 et
320 2161 586 2211 dominam
612 2161 711 2210 hoc
740 2165 949 2222 tegmen
977 2165 1208 2210 sternere
1236 2162 1569 2211 credideram.

179 2299 267 2350 Sol
294 2299 461 2348 vitreo
493 2298 548 2347 in
575 2297 762 2347 mediis
791 2301 1060 2360 spectabat
1089 2300 1153 2348 ab
1183 2300 1393 2349 aethere
1422 2300 1601 2362 ramis3

246 2388 484 2438 ridebant
510 2388 752 2439 dominae
780 2389 980 2438 lumina
1007 2390 1150 2439 clara
1174 2388 1323 2438 mihi.

1614 2498 1678 2548 97
