1994 2794
0 244 1 247 ’
90 254 376 302 emergens,
409 242 477 290 ad
505 245 558 290 te
587 254 768 289 versus
801 240 1074 299 Solemque
1104 238 1341 288 salutans

157 323 317 374 fortia
344 323 590 374 tendebat
616 323 850 382 brachia,
883 324 1066 385 Sparta
1092 337 1299 383 parens.

91 460 335 511 Flumina
361 466 512 510 erant
538 461 668 510 haec
689 475 820 510 *cara
849 459 1070 521 Dianae3
1107 460 1263 509 litora
1289 459 1422 508 divis

155 550 277 600 telis
299 548 600 600 innumeras
624 550 904 599 exhibuere
928 550 1087 611 feras5

88 687 340 750 nymphis
362 691 515 750 ‘grata
539 689 736 738 dabant
760 687 977 737 defessis
1002 688 1113 736 otia
1138 687 1194 735 in
1220 688 1403 746 antris,

135 779 448 836 ‘suadebant
470 793 682 828 somnos
704 793 971 827 murmure
995 778 1128 826 inire
1153 778 1310 826 leves,

90 915 266 977 Mente
296 916 490 965 cadunt
521 920 716 964 tamen.
754 917 897 964 Haec
930 929 1182 964 arcanum
1215 915 1369 964 litora
1400 914 1581 974 risum,

155 1005 292 1066 fons,
325 1011 379 1056 et
408 1006 784 1056 inexstinctum
814 1021 922 1055 non
952 1008 1181 1056 habuere
1212 1010 1380 1066 tuum,

91 1142 397 1204 quittenuis
420 1143 609 1205 fulgor,
633 1158 866 1193 summas
887 1145 1150 1193 illuminat
1170 1145 1338 1194 undas

157 1233 257 1294 (sic
278 1233 552 1283 hominum
576 1233 748 1284 rident
770 1234 826 1282 in
851 1235 1081 1284 lacrimis
1105 1235 1262 1298 oculi)

92 1385 196 1431 quo
223 1371 349 1420 flexi
377 1372 628 1433 languent
656 1372 896 1433 captique
925 1373 1165 1433 cupidine
1192 1388 1332 1422 vana

161 1460 383 1511 narcissi
409 1462 466 1509 in
494 1477 653 1511 curvo
679 1461 916 1522 margine
945 1477 1123 1511 amore
1150 1468 1390 1512 tremunt.

0 1605 3 1635 ἐ
74 1597 352 1660 ‘Denique,
375 1599 518 1659 fons,
544 1615 717 1661 voces,
745 1615 989 1650 curarum
1014 1602 1131 1650 lene
1156 1602 1411 1662 levamen,

156 1687 314 1743 melle
335 1688 505 1749 magis
528 1689 724 1750 dulceS,
750 1704 859 1739 non
882 1691 1110 1739 habuere
1132 1695 1270 1740 tuas.

0 1803 10 1875 ἱ
98 1824 366 1890 Purpurea
390 1829 443 1874 et
464 1840 735 1886 gemmans
757 1828 911 1876 velut*
929 1829 1115 1877 hastae
1141 1829 1196 1877 in
1218 1828 1430 1890 cuspide
1452 1830 1699 1880 adhaeret

159 1919 219 1975 et
231 1917 334 1967 sub
350 1917 462 1965 sole
482 1917 656 1966 nitens
677 1919 950 1978 sanguinis
970 1919 1113 1967 unda
1132 1920 1313 1978 micat,

0 2047 10 2067 '³
96 2052 173 2102 sie
197 2053 357 2103 etiam
381 2053 580 2103 mixtus
607 2056 876 2105 flammato
905 2056 959 2104 in
987 2058 1141 2106 corde
1166 2072 1409 2106 susurrus

161 2157 348 2192 suaves
372 2148 423 2192 et
445 2146 620 2195 varios
645 2145 905 2207 frangitur
931 2146 986 2195 in
1010 2162 1272 2197 numeroS.

0 2080 16 2241 Ξ

0 2244 22 2365 ἓ
99 2279 387 2337 Auaendunt
409 2281 591 2343 silvae,
617 2284 681 2333 de
706 2284 864 2340 caelis
890 2289 1034 2332 astra
1056 2286 1245 2346 pudica
1343 2290 1347 2292 “

0 2365 21 2446 ξ
65 2372 98 2420 .ῗ
164 2371 457 2421 attendunt:
490 2371 595 2422 illis
622 2373 833 2423 conscia
859 2374 991 2423 ridet
1017 2390 1171 2435 aqua.

0 2449 27 2615 »ᾗ
1633 2507 1698 2557 ⁵2

4 2611 24 2658 »ῖῑ
