<?xml version="1.0" encoding="UTF-8"?>
<!DOCTYPE html PUBLIC "-//W3C//DTD XHTML 1.0 Transitional//EN"
    "http://www.w3.org/TR/xhtml1/DTD/xhtml1-transitional.dtd">
<html xmlns="http://www.w3.org/1999/xhtml" xml:lang="en" lang="en">
 <head>
  <title>
</title>
<meta http-equiv="Content-Type" content="text/html;charset=utf-8" />
  <meta name='ocr-system' content='tesseract 3.04.00' />
  <meta name='ocr-capabilities' content='ocr_page ocr_carea ocr_par ocr_line ocrx_word'/>
</head>
<body>
  <div class='ocr_page' id='page_1' title='image "./leelegieromane00dannuoft_0059.png"; bbox 0 0 1994 2794; ppageno 0'>
   <div class='ocr_carea' id='block_1_1' title="bbox 0 0 103 378">
    <p class='ocr_par' dir='ltr' id='par_1_1' title="bbox 0 0 103 378">
     <span class='ocr_line' id='line_1_1' title="bbox 0 0 103 378; baseline 0 2416"><span class='ocrx_word' id='word_1_1' title='bbox 0 0 103 378; x_wconf 95' lang='lat' dir='ltr'> </span> 
     </span>
    </p>
   </div>
   <div class='ocr_carea' id='block_1_2' title="bbox 694 428 874 482">
    <p class='ocr_par' dir='ltr' id='par_1_2' title="bbox 694 428 874 482">
     <span class='ocr_line' id='line_1_2' title="bbox 694 428 874 482; baseline -0.039 0"><span class='ocrx_word' id='word_1_2' title='bbox 694 478 699 482; x_wconf 85' lang='lat'>.</span> <span class='ocrx_word' id='word_1_3' title='bbox 770 428 874 476; x_wconf 88' lang='lat'>111.</span> 
     </span>
    </p>
   </div>
   <div class='ocr_carea' id='block_1_3' title="bbox 0 644 1468 798">
    <p class='ocr_par' dir='ltr' id='par_1_3' title="bbox 0 644 1468 798">
     <span class='ocr_line' id='line_1_3' title="bbox 0 644 1468 707; baseline 0.001 -15"><span class='ocrx_word' id='word_1_4' title='bbox 0 675 2 678; x_wconf 56' lang='lat'>&gt;</span> <span class='ocrx_word' id='word_1_5' title='bbox 89 644 190 702; x_wconf 76' lang='lat' dir='ltr'>Ah,</span> <span class='ocrx_word' id='word_1_6' title='bbox 224 657 348 693; x_wconf 82' lang='lat' dir='ltr'>cum</span> <span class='ocrx_word' id='word_1_7' title='bbox 378 657 536 692; x_wconf 79' lang='lat' dir='ltr'>mane</span> <span class='ocrx_word' id='word_1_8' title='bbox 569 658 725 703; x_wconf 81' lang='lat' dir='ltr'>novo,</span> <span class='ocrx_word' id='word_1_9' title='bbox 761 660 893 706; x_wconf 84' lang='lat' dir='ltr'>puro</span> <span class='ocrx_word' id='word_1_10' title='bbox 928 647 1067 707; x_wconf 85' lang='lat' dir='ltr'><strong>quod</strong></span> <span class='ocrx_word' id='word_1_11' title='bbox 1099 661 1217 695; x_wconf 86' lang='lat' dir='ltr'>rore</span> <span class='ocrx_word' id='word_1_12' title='bbox 1249 647 1468 706; x_wconf 83' lang='lat' dir='ltr'>nitebat,</span> 
     </span>
     <span class='ocr_line' id='line_1_4' title="bbox 0 734 1259 798; baseline 0 -12"><span class='ocrx_word' id='word_1_13' title='bbox 0 740 5 747; x_wconf 80' lang='grc'><strong><em>’</em></strong></span> <span class='ocrx_word' id='word_1_14' title='bbox 152 739 235 786; x_wconf 81' lang='lat' dir='ltr'>est</span> <span class='ocrx_word' id='word_1_15' title='bbox 255 735 480 798; x_wconf 76' lang='lat' dir='ltr'>profuga</span> <span class='ocrx_word' id='word_1_16' title='bbox 503 734 560 783; x_wconf 84' lang='lat' dir='ltr'>in</span> <span class='ocrx_word' id='word_1_17' title='bbox 583 735 745 784; x_wconf 79' lang='lat' dir='ltr'>ramis</span> <span class='ocrx_word' id='word_1_18' title='bbox 768 735 884 786; x_wconf 82' lang='lat' dir='ltr'>visa</span> <span class='ocrx_word' id='word_1_19' title='bbox 908 741 1119 798; x_wconf 86' lang='lat' dir='ltr'>repente</span> <span class='ocrx_word' id='word_1_20' title='bbox 1143 737 1259 797; x_wconf 84' lang='lat' dir='ltr'>dea,</span> 
     </span>
    </p>
   </div>
   <div class='ocr_carea' id='block_1_4' title="bbox 86 880 1396 1032">
    <p class='ocr_par' dir='ltr' id='par_1_4' title="bbox 86 880 1396 1032">
     <span class='ocr_line' id='line_1_5' title="bbox 86 880 1396 946; baseline 0 -18"><span class='ocrx_word' id='word_1_21' title='bbox 86 880 346 940; x_wconf 82' lang='lat' dir='ltr'><strong>quomodo</strong></span> <span class='ocrx_word' id='word_1_22' title='bbox 378 880 600 931; x_wconf 72' lang='lat' dir='ltr'>ferventi</span> <span class='ocrx_word' id='word_1_23' title='bbox 627 884 857 933; x_wconf 87' lang='lat' dir='ltr'>micuere</span> <span class='ocrx_word' id='word_1_24' title='bbox 887 884 1128 946; x_wconf 83' lang='lat' dir='ltr'>cupidine</span> <span class='ocrx_word' id='word_1_25' title='bbox 1157 882 1396 939; x_wconf 85' lang='lat' dir='ltr'>cunctae,</span> 
     </span>
     <span class='ocr_line' id='line_1_6' title="bbox 151 969 1389 1032; baseline 0.001 -14"><span class='ocrx_word' id='word_1_26' title='bbox 151 969 427 1031; x_wconf 72' lang='lat' dir='ltr'>antiquum</span> <span class='ocrx_word' id='word_1_27' title='bbox 453 972 703 1032; x_wconf 87' lang='lat' dir='ltr'>quoniam</span> <span class='ocrx_word' id='word_1_28' title='bbox 727 989 924 1023; x_wconf 84' lang='lat' dir='ltr'>numen</span> <span class='ocrx_word' id='word_1_29' title='bbox 950 975 1171 1031; x_wconf 85' lang='lat' dir='ltr'>adesset,</span> <span class='ocrx_word' id='word_1_30' title='bbox 1201 971 1389 1032; x_wconf 82' lang='lat' dir='ltr'>aquae!</span> 
     </span>
    </p>
   </div>
   <div class='ocr_carea' id='block_1_5' title="bbox 89 1107 1576 1251">
    <p class='ocr_par' dir='ltr' id='par_1_5' title="bbox 89 1107 1576 1251">
     <span class='ocr_line' id='line_1_7' title="bbox 89 1107 1576 1173; baseline 0.002 -18"><span class='ocrx_word' id='word_1_31' title='bbox 89 1107 153 1155; x_wconf 83' lang='lat' dir='ltr'>In</span> <span class='ocrx_word' id='word_1_32' title='bbox 180 1109 380 1158; x_wconf 68' lang='lat' dir='ltr'>truncis</span> <span class='ocrx_word' id='word_1_33' title='bbox 407 1125 570 1171; x_wconf 86' lang='lat' dir='ltr'>purae</span> <span class='ocrx_word' id='word_1_34' title='bbox 596 1114 713 1160; x_wconf 82' lang='lat' dir='ltr'>tum</span> <span class='ocrx_word' id='word_1_35' title='bbox 742 1113 920 1161; x_wconf 84' lang='lat' dir='ltr'>lumen</span> <span class='ocrx_word' id='word_1_36' title='bbox 950 1112 1163 1173; x_wconf 84' lang='lat' dir='ltr'>iaspidis</span> <span class='ocrx_word' id='word_1_37' title='bbox 1193 1111 1341 1171; x_wconf 81' lang='lat' dir='ltr'>arsit3</span> <span class='ocrx_word' id='word_1_38' title='bbox 1550 1137 1576 1158; x_wconf 71' lang='lat' dir='ltr'>v.</span> 
     </span>
     <span class='ocr_line' id='line_1_8' title="bbox 150 1198 1328 1251; baseline 0.002 -5"><span class='ocrx_word' id='word_1_39' title='bbox 150 1198 327 1247; x_wconf 85' lang='lat' dir='ltr'>lumen</span> <span class='ocrx_word' id='word_1_40' title='bbox 359 1204 413 1248; x_wconf 90' lang='lat' dir='ltr'>et</span> <span class='ocrx_word' id='word_1_41' title='bbox 445 1200 501 1249; x_wconf 86' lang='lat' dir='ltr'>in</span> <span class='ocrx_word' id='word_1_42' title='bbox 534 1200 675 1250; x_wconf 80' lang='lat' dir='ltr'>foliis</span> <span class='ocrx_word' id='word_1_43' title='bbox 708 1205 834 1251; x_wconf 87' lang='lat' dir='ltr'>tunc</span> <span class='ocrx_word' id='word_1_44' title='bbox 867 1202 1165 1251; x_wconf 84' lang='lat' dir='ltr'>adamantis</span> <span class='ocrx_word' id='word_1_45' title='bbox 1198 1203 1328 1250; x_wconf 83' lang='lat' dir='ltr'>erat.</span> 
     </span>
    </p>
   </div>
   <div class='ocr_carea' id='block_1_6' title="bbox 85 1337 1520 1492">
    <p class='ocr_par' dir='ltr' id='par_1_6' title="bbox 85 1337 1520 1492">
     <span class='ocr_line' id='line_1_9' title="bbox 85 1337 1520 1402; baseline -0.001 -17"><span class='ocrx_word' id='word_1_46' title='bbox 85 1337 385 1398; x_wconf 80' lang='lat' dir='ltr'>Endymion</span> <span class='ocrx_word' id='word_1_47' title='bbox 419 1339 605 1399; x_wconf 81' lang='lat' dir='ltr'>flavus,</span> <span class='ocrx_word' id='word_1_48' title='bbox 644 1343 823 1401; x_wconf 78' lang='lat' dir='ltr'>pastor</span> <span class='ocrx_word' id='word_1_49' title='bbox 859 1339 1258 1402; x_wconf 85' lang='lat' dir='ltr'>pulcherrimus,</span> <span class='ocrx_word' id='word_1_50' title='bbox 1298 1338 1401 1386; x_wconf 88' lang='lat' dir='ltr'>huc</span> <span class='ocrx_word' id='word_1_51' title='bbox 1441 1341 1520 1387; x_wconf 49' lang='grc' dir='ltr'>δὲ</span> 
     </span>
     <span class='ocr_line' id='line_1_10' title="bbox 149 1427 1384 1492; baseline 0 -16"><span class='ocrx_word' id='word_1_52' title='bbox 149 1442 183 1476; x_wconf 76' lang='lat' dir='ltr'>a</span> <span class='ocrx_word' id='word_1_53' title='bbox 210 1427 387 1477; x_wconf 75' lang='lat' dir='ltr'>Trivia</span> <span class='ocrx_word' id='word_1_54' title='bbox 413 1430 684 1490; x_wconf 79' lang='lat' dir='ltr'>adductus,</span> <span class='ocrx_word' id='word_1_55' title='bbox 713 1431 907 1492; x_wconf 86' lang='lat' dir='ltr'>praeda</span> <span class='ocrx_word' id='word_1_56' title='bbox 932 1433 1213 1491; x_wconf 87' lang='lat' dir='ltr'>manetque</span> <span class='ocrx_word' id='word_1_57' title='bbox 1240 1430 1384 1477; x_wconf 81' lang='lat' dir='ltr'>deae.</span> 
     </span>
    </p>
   </div>
   <div class='ocr_carea' id='block_1_7' title="bbox 85 1563 1449 1721">
    <p class='ocr_par' dir='ltr' id='par_1_7' title="bbox 85 1563 1449 1721">
     <span class='ocr_line' id='line_1_11' title="bbox 85 1563 1449 1631; baseline 0.002 -18"><span class='ocrx_word' id='word_1_58' title='bbox 85 1566 386 1628; x_wconf 78' lang='lat' dir='ltr'>Prodigium</span> <span class='ocrx_word' id='word_1_59' title='bbox 416 1572 632 1628; x_wconf 83' lang='lat' dir='ltr'>perstat.</span> <span class='ocrx_word' id='word_1_60' title='bbox 671 1563 969 1619; x_wconf 76' lang='lat' dir='ltr'>Gemmatis&#39;</span> <span class='ocrx_word' id='word_1_61' title='bbox 991 1585 1156 1631; x_wconf 86' lang='lat' dir='ltr'>usque</span> <span class='ocrx_word' id='word_1_62' title='bbox 1191 1568 1449 1618; x_wconf 84' lang='lat' dir='ltr'>columnis</span> 
     </span>
     <span class='ocr_line' id='line_1_12' title="bbox 148 1656 1393 1721; baseline 0.001 -17"><span class='ocrx_word' id='word_1_63' title='bbox 148 1656 322 1705; x_wconf 86' lang='lat' dir='ltr'>trunci</span> <span class='ocrx_word' id='word_1_64' title='bbox 350 1660 495 1706; x_wconf 74' lang='lat' dir='ltr'>stant</span> <span class='ocrx_word' id='word_1_65' title='bbox 521 1658 735 1719; x_wconf 84' lang='lat' dir='ltr'>similes,</span> <span class='ocrx_word' id='word_1_66' title='bbox 764 1663 826 1708; x_wconf 89' lang='lat' dir='ltr'>ut</span> <span class='ocrx_word' id='word_1_67' title='bbox 853 1660 986 1720; x_wconf 84' lang='lat' dir='ltr'>lapis</span> <span class='ocrx_word' id='word_1_68' title='bbox 1012 1675 1177 1721; x_wconf 88' lang='lat' dir='ltr'>usque</span> <span class='ocrx_word' id='word_1_69' title='bbox 1204 1659 1393 1720; x_wconf 85' lang='lat' dir='ltr'>rigent.</span> 
     </span>
    </p>
   </div>
   <div class='ocr_carea' id='block_1_8' title="bbox 0 1796 1223 1858">
    <p class='ocr_par' dir='ltr' id='par_1_8' title="bbox 0 1796 1223 1858">
     <span class='ocr_line' id='line_1_13' title="bbox 0 1796 1223 1858; baseline 0.002 -15"><span class='ocrx_word' id='word_1_70' title='bbox 0 1810 2 1816; x_wconf 73' lang='grc'>’</span> <span class='ocrx_word' id='word_1_71' title='bbox 85 1796 342 1856; x_wconf 76' lang='lat' dir='ltr'>crystallo</span> <span class='ocrx_word' id='word_1_72' title='bbox 370 1796 525 1846; x_wconf 84' lang='lat' dir='ltr'>viridi</span> <span class='ocrx_word' id='word_1_73' title='bbox 554 1797 688 1846; x_wconf 82' lang='lat' dir='ltr'>rami</span> <span class='ocrx_word' id='word_1_74' title='bbox 718 1799 1000 1846; x_wconf 86' lang='lat' dir='ltr'>flectuntur</span> <span class='ocrx_word' id='word_1_75' title='bbox 1029 1797 1223 1858; x_wconf 84' lang='lat' dir='ltr'>onusti,</span> 
     </span>
    </p>
   </div>
   <div class='ocr_carea' id='block_1_9' title="bbox 147 1887 1225 1948">
    <p class='ocr_par' dir='ltr' id='par_1_9' title="bbox 147 1887 1225 1948">
     <span class='ocr_line' id='line_1_14' title="bbox 147 1887 1225 1948; baseline 0 -14"><span class='ocrx_word' id='word_1_76' title='bbox 147 1900 308 1935; x_wconf 74' lang='lat' dir='ltr'>aurea</span> <span class='ocrx_word' id='word_1_77' title='bbox 332 1901 462 1948; x_wconf 86' lang='lat' dir='ltr'>quos</span> <span class='ocrx_word' id='word_1_78' title='bbox 486 1887 622 1936; x_wconf 85' lang='lat' dir='ltr'>inter</span> <span class='ocrx_word' id='word_1_79' title='bbox 645 1888 872 1948; x_wconf 84' lang='lat' dir='ltr'>pendula</span> <span class='ocrx_word' id='word_1_80' title='bbox 894 1889 1013 1941; x_wconf 76' lang='lat' dir='ltr'>vela</span> <span class='ocrx_word' id='word_1_81' title='bbox 1036 1889 1225 1946; x_wconf 87' lang='lat' dir='ltr'>fluunt,</span> 
     </span>
    </p>
   </div>
   <div class='ocr_carea' id='block_1_10' title="bbox 82 2024 1584 2176">
    <p class='ocr_par' dir='ltr' id='par_1_10' title="bbox 82 2024 1584 2176">
     <span class='ocr_line' id='line_1_15' title="bbox 82 2024 1584 2085; baseline 0.001 -13"><span class='ocrx_word' id='word_1_82' title='bbox 82 2037 224 2084; x_wconf 67' lang='lat' dir='ltr'>nam,</span> <span class='ocrx_word' id='word_1_83' title='bbox 260 2024 432 2073; x_wconf 78' lang='lat' dir='ltr'>visum</span> <span class='ocrx_word' id='word_1_84' title='bbox 465 2025 737 2085; x_wconf 76' lang='lat' dir='ltr'>effugiens,</span> <span class='ocrx_word' id='word_1_85' title='bbox 775 2041 970 2074; x_wconf 83' lang='lat' dir='ltr'>arcana</span> <span class='ocrx_word' id='word_1_86' title='bbox 1004 2026 1135 2074; x_wconf 82' lang='lat' dir='ltr'>haec</span> <span class='ocrx_word' id='word_1_87' title='bbox 1169 2026 1306 2075; x_wconf 87' lang='lat' dir='ltr'>inter</span> <span class='ocrx_word' id='word_1_88' title='bbox 1341 2026 1584 2075; x_wconf 78' lang='lat' dir='ltr'>Arachne</span> 
     </span>
     <span class='ocr_line' id='line_1_16' title="bbox 145 2114 1225 2176; baseline 0.004 -15"><span class='ocrx_word' id='word_1_89' title='bbox 145 2114 371 2162; x_wconf 76' lang='lat' dir='ltr'>telarum</span> <span class='ocrx_word' id='word_1_90' title='bbox 394 2114 642 2174; x_wconf 81' lang='lat' dir='ltr'>exiguum</span> <span class='ocrx_word' id='word_1_91' title='bbox 665 2116 847 2164; x_wconf 82' lang='lat' dir='ltr'>sedula</span> <span class='ocrx_word' id='word_1_92' title='bbox 870 2116 1034 2165; x_wconf 85' lang='lat' dir='ltr'>nectit</span> <span class='ocrx_word' id='word_1_93' title='bbox 1057 2127 1225 2176; x_wconf 52' lang='lat' dir='ltr'><strong>opu&amp;</strong></span> 
     </span>
    </p>
   </div>
   <div class='ocr_carea' id='block_1_11' title="bbox 87 2250 1571 2402">
    <p class='ocr_par' dir='ltr' id='par_1_11' title="bbox 87 2250 1571 2402">
     <span class='ocr_line' id='line_1_17' title="bbox 87 2250 1571 2312; baseline 0.002 -14"><span class='ocrx_word' id='word_1_94' title='bbox 87 2250 302 2312; x_wconf 77' lang='lat' dir='ltr'>Insuper</span> <span class='ocrx_word' id='word_1_95' title='bbox 336 2266 465 2300; x_wconf 77' lang='lat' dir='ltr'>aura</span> <span class='ocrx_word' id='word_1_96' title='bbox 497 2256 653 2311; x_wconf 82' lang='lat' dir='ltr'>tacet,</span> <span class='ocrx_word' id='word_1_97' title='bbox 688 2253 834 2302; x_wconf 89' lang='lat' dir='ltr'>nullo</span> <span class='ocrx_word' id='word_1_98' title='bbox 868 2256 1012 2302; x_wconf 81' lang='lat' dir='ltr'>stant</span> <span class='ocrx_word' id='word_1_99' title='bbox 1042 2267 1309 2302; x_wconf 86' lang='lat' dir='ltr'>murmure</span> <span class='ocrx_word' id='word_1_100' title='bbox 1342 2252 1571 2312; x_wconf 74' lang='lat' dir='ltr'>frondes3</span> 
     </span>
     <span class='ocr_line' id='line_1_18' title="bbox 147 2341 1290 2402; baseline 0.003 -14"><span class='ocrx_word' id='word_1_101' title='bbox 147 2341 277 2390; x_wconf 73' lang='lat' dir='ltr'>haec</span> <span class='ocrx_word' id='word_1_102' title='bbox 296 2355 387 2402; x_wconf 86' lang='lat' dir='ltr'>per</span> <span class='ocrx_word' id='word_1_103' title='bbox 406 2341 542 2390; x_wconf 83' lang='lat' dir='ltr'>mira</span> <span class='ocrx_word' id='word_1_104' title='bbox 562 2342 704 2389; x_wconf 87' lang='lat' dir='ltr'>nihil·</span> <span class='ocrx_word' id='word_1_105' title='bbox 716 2343 860 2392; x_wconf 84' lang='lat' dir='ltr'>vocis</span> <span class='ocrx_word' id='word_1_106' title='bbox 882 2344 946 2391; x_wconf 79' lang='lat' dir='ltr'>ab</span> <span class='ocrx_word' id='word_1_107' title='bbox 972 2343 1110 2391; x_wconf 87' lang='lat' dir='ltr'>Urbe</span> <span class='ocrx_word' id='word_1_108' title='bbox 1130 2342 1290 2392; x_wconf 80' lang='lat' dir='ltr'>venit.</span> 
     </span>
    </p>
   </div>
   <div class='ocr_carea' id='block_1_12' title="bbox 1629 2476 1772 2527">
    <p class='ocr_par' dir='ltr' id='par_1_12' title="bbox 1629 2476 1772 2527">
     <span class='ocr_line' id='line_1_19' title="bbox 1629 2476 1772 2527; baseline -0.007 0"><span class='ocrx_word' id='word_1_109' title='bbox 1629 2476 1772 2527; x_wconf 82' lang='lat'>55-</span> 
     </span>
    </p>
   </div>
  </div>
 </body>
</html>
