1994 2794
172 223 333 269 nuru
348 222 634 270 vescuntur
654 219 875 281 tepidas.
898 219 1172 270 Maeulosa
1191 235 1283 282 per
1306 221 1494 270 herbas

238 313 523 358 cernuntur
549 309 699 370 pardi
728 310 936 359 flectere
965 311 1121 360 dorsa
1151 312 1307 362 leves.

173 446 463 497 Pudorum
491 447 667 497 tenuis
698 448 939 497 fremitus
969 449 1236 510 silvaeque
1266 463 1510 499 susurrus

237 537 524 586 miscentur
547 538 720 587 verbis
745 543 798 587 et
825 539 937 587 leve
962 553 1199 588 murmur
1226 554 1410 601 aquae.

174 675 357 735 Regna
385 691 419 724 ο
451 675 562 724 feta
591 676 755 725 sacris
785 677 1066 726 fluviorum
1098 676 1442 737 amplexibus,
1475 691 1509 726 ο
1540 691 1668 736 gens

239 764 386 824 felix,
413 765 498 814 cui
523 767 655 814 caeli
677 767 895 828 provida
919 767 1071 827 signa
1094 768 1292 826 favent,

173 903 313 952 vitae
337 903 428 951 ubi
450 903 764 965 principium
787 920 816 953 e
842 904 1056 954 sociatis
1079 905 1315 954 nascitur
1339 905 1513 964 astris,

237 993 461 1042 effusum
488 995 594 1043 late
620 995 758 1055 quod
783 1010 875 1055 per
901 995 1059 1044 inane
1086 1000 1228 1044 creat

170 1146 431 1181 marmore
458 1133 522 1181 de
549 1133 724 1193 surdo,
755 1134 919 1195 ipsius
947 1135 1010 1182 de
1036 1135 1250 1195 pulvere
1278 1133 1408 1192 limi,

236 1222 349 1284 ipso
378 1237 444 1270 ex
472 1223 610 1272 ferro
642 1225 849 1273 animas
875 1229 1131 1285 provocat
1158 1224 1480 1272 innumeras!

174 1360 415 1410 umbrosi
442 1376 510 1409 en
537 1361 633 1409 alti
662 1362 838 1422 calles,
869 1377 1000 1423 quos
1030 1362 1232 1410 lumine
1259 1362 1413 1410 flores

234 1455 503 1512 spargunt,
532 1452 806 1512 progenies
833 1452 1051 1512 fervida,
1079 1457 1249 1501 morte
1277 1467 1480 1512 carens-,3

163 1590 361 1650 templa
391 1590 572 1651 ignota
592 1591 763 1649 deum,
787 1606 976 1639 resona
1004 1596 1161 1652 atque
1187 1596 1420 1650 aeterna,
1453 1590 1712 1639 columnis

235 1679 372 1728 fulta
396 1678 604 1741 quidem
628 1681 813 1740 niveiS,
839 1681 1098 1742 plenaque
1124 1682 1274 1740 lucis,
1300 1680 1391 1728 ubi

172 1817 408 1878 ingentes
435 1819 633 1868 ducunt
661 1820 971 1881 aquilaeque
997 1835 1089 1880 per
1118 1823 1241 1868 aera
1269 1834 1444 1879 gyroS,

236 1909 504 1971 nativique
530 1910 705 1959 calens
729 1915 1023 1960 murmurat
1048 1925 1180 1959 aura
1202 1910 1385 1970 maris;

172 2048 235 2095 de
259 2047 459 2096 sinibus
483 2049 656 2096 curvis
681 2064 882 2097 emersa
906 2064 972 2097 en
998 2050 1228 2097 claustra
1253 2049 1512 2109 iugorum,

238 2138 437 2186 formae
458 2137 550 2186 ubi
574 2138 823 2186 caelestes
846 2142 965 2187 aere
986 2143 1336 2200 praetereunt,

172 2290 307 2336 quae
335 2280 638 2335 penetratae
666 2281 791 2325 sunt
819 2276 1027 2336 penitus
1056 2276 1250 2325 virtute
1280 2290 1515 2334 corusca,

235 2364 368 2413 nulli
401 2369 460 2413 ut
492 2353 740 2414 mortales
774 2365 909 2413 ferre
942 2370 1137 2426 queant
1170 2364 1327 2422 oculi,
