1994 2794
92 215 363 277 Languida
387 217 623 266 membra
655 218 845 277 iacent,
873 218 1080 268 animus
1105 220 1212 268 iam
1239 220 1452 269 labitur:
1484 220 1615 270 haec
1642 235 1747 282 pax

153 306 231 355 nil
258 306 422 356 iuvat.
453 309 496 356 Ο
534 309 759 356 Umbrae
784 310 1029 358 manibus
1062 310 1139 358 ire
1167 310 1306 358 date!

92 443 291 493 Cuncta
317 445 508 493 nitent:
542 432 735 494 dociles
763 448 954 495 undae:
988 452 1049 495 ut
1078 447 1194 507 lyra
1221 449 1449 497 flectitur
1479 462 1591 507 ora,

152 549 287 595 quae
315 535 496 585 niveos
526 536 679 584 flores
709 538 1105 587 haemerocallis
1136 540 1293 588 habet

88 675 383 735 asphodelis
406 676 603 724 similes
628 677 763 725 clivo
787 677 1075 726 ridentibus
1103 679 1239 727 Orci.

154 765 269 813 Non
299 769 477 814 tamen
508 767 645 814 hanc
675 782 858 827 pacem
890 768 997 816 iam
1027 769 1313 817 moriturus
1344 774 1506 818 amat.

90 901 186 948 Ille
209 902 477 951 silentium
503 909 664 962 amat,
692 918 975 963 summurn,
1004 906 1117 953 sine
1141 907 1262 964 fine,
1280 911 1579 967 superstans

151 993 316 1040 vastis
344 998 398 1041 et
424 995 660 1054 magicis,
692 1000 802 1042 stas
830 996 938 1054 ubi,
973 997 1159 1054 Roma,
1192 997 1351 1059 locis,

88 1132 218 1180 Tam
240 1132 384 1181 solus
407 1132 497 1192 qui
519 1149 672 1182 mons
696 1135 949 1194 reperitur
974 1136 1142 1183 celsus
1167 1135 1222 1182 in
1246 1135 1387 1193 orbe,

149 1236 283 1282 quae
310 1237 546 1271 summae
573 1225 834 1283 tenebrae,
866 1226 1003 1285 quod
1031 1226 1143 1272 sine
1170 1226 1274 1273 fine
1300 1228 1473 1274 mare?

8 1397 15 1410 ..
83 1360 226 1408 Mors
254 1360 327 1408 ibi
355 1361 441 1420 sit,
471 1376 670 1421 precor.
706 1363 748 1409 O
776 1378 1087 1422 magnarum
1116 1363 1350 1412 maxima
1379 1379 1570 1423 rerum,

150 1453 204 1498 te
226 1451 407 1511 procul
431 1453 693 1510 ostendaS,
720 1457 772 1500 et
794 1453 1099 1502 moriturus:
1129 1478 1186 1487 —
1214 1455 1322 1501 Ave
1345 1480 1404 1489 —

84 1588 226 1637 dicat
245 1617 303 1627 —
327 1605 440 1648 ave,
465 1591 632 1640 dulcis
653 1606 772 1639 mea
797 1593 966 1640 Roma
987 1592 1358 1655 tremendaque
1384 1594 1569 1653 Roma,

149 1678 308 1727 unica
337 1681 522 1739 Roma,
552 1682 759 1729 animae
784 1681 956 1742 patria
981 1683 1095 1731 sola
1119 1685 1287 1731 meae!

105 2579 146 2610 1²
